@book{Chacon2014,
author = {Chacon, Scott and Straub, Ben},
edition = {2nd},
file = {:home/ben/Mendeley\_References/Chacon, Straub\_2014.pdf:pdf},
publisher = {Apress},
title = {{Pro Git}},
url = {https://git-scm.com/book/en/v2},
year = {2014}
}
